<?xml version="1.0" encoding="UTF-8"?><record xmlns="http://www.loc.gov/MARC21/slim" xmlns:cinclude="http://apache.org/cocoon/include/1.0" xmlns:zs="http://www.loc.gov/zing/srw/">
  <leader>00368cz  a2200121n  4500</leader>
  <controlfield tag="001">n  93029343 </controlfield>
  <controlfield tag="003">DLC</controlfield>
  <controlfield tag="005">19930331093157.0</controlfield>
  <controlfield tag="008">930331n| acannaab|          |n ana |||  </controlfield>
  <datafield tag="010" ind1=" " ind2=" ">
    <subfield code="a">n  93029343 </subfield>
  </datafield>
  <datafield tag="040" ind1=" " ind2=" ">
    <subfield code="a">DLC</subfield>
    <subfield code="c">DLC</subfield>
    <subfield code="d">DLC</subfield>
  </datafield>
  <datafield tag="110" ind1="1" ind2="0">
    <subfield code="a">Costa Rica.</subfield>
    <subfield code="t">Ley de extradición</subfield>
  </datafield>
  <datafield tag="670" ind1=" " ind2=" ">
    <subfield code="a">Its Ley de extradición, 1991:</subfield>
    <subfield code="b">p. 5 (Ley de extradición, no. 4795 de 16 de julio de 1971)</subfield>
  </datafield>
</record>